<?xml version="1.0" encoding="UTF-8"?><collection xmlns="http://www.loc.gov/MARC21/slim"><record><leader>00454nam--2200181-i-4500</leader><controlfield tag="001">000049025</controlfield><controlfield tag="002">20161230</controlfield><controlfield tag="005">20170119142602</controlfield><controlfield tag="008">060222s1000------------r-----000-0-rus-d</controlfield><datafield ind1=" " ind2=" " tag="040"><subfield code="a">IFIN-HH</subfield></datafield><datafield ind1=" " ind2=" " tag="041"><subfield code="a">rus</subfield></datafield><datafield ind1="1" ind2=" " tag="100"><subfield code="a">Akopian, A.A</subfield></datafield><datafield ind1="1" ind2="0" tag="245"><subfield code="a">Tehnika vysokih napriazhenii</subfield><subfield code="c">A.A. Akopian, G.B. Butkevich</subfield></datafield><datafield ind1=" " ind2=" " tag="260"><subfield code="a">Moskva</subfield><subfield code="b">Gosenergoizdat</subfield><subfield code="c">1951</subfield></datafield><datafield ind1=" " ind2=" " tag="300"><subfield code="a">292 S</subfield></datafield><datafield ind1="1" ind2=" " tag="700"><subfield code="a">Butkevich, G.B</subfield></datafield><datafield ind1=" " ind2=" " tag="852"><subfield code="a">3727</subfield></datafield><datafield ind1=" " ind2=" " tag="CAT"><subfield code="a">SYS</subfield><subfield code="c">20170119</subfield><subfield code="h">142602</subfield></datafield></record></collection>